<record><leader>00000cas a22000007a 4500</leader><controlfield tag="001">21510747</controlfield><controlfield tag="008">900511d18661871mouwr ne      0    0eng d</controlfield><datafield ind1=" " ind2=" " tag="010"><subfield code="a">sn 90061729 </subfield></datafield><datafield ind1=" " ind2=" " tag="040"><subfield code="a">MQN</subfield><subfield code="b">eng</subfield><subfield code="c">MQN</subfield><subfield code="d">OCLCQ</subfield></datafield><datafield ind1=" " ind2=" " tag="042"><subfield code="a">msc</subfield></datafield><datafield ind1="0" ind2=" " tag="130"><subfield code="a">South-west tribune (Stockton, Mo.)</subfield></datafield><datafield ind1="1" ind2="0" tag="245"><subfield code="a">South-west tribune.</subfield></datafield><datafield ind1=" " ind2=" " tag="260"><subfield code="a">Stockton, Cedar County, Mo. :</subfield><subfield code="b">William Gaffrey</subfield></datafield><datafield ind1=" " ind2=" " tag="300"><subfield code="a">v.</subfield></datafield><datafield ind1=" " ind2=" " tag="310"><subfield code="a">Weekly</subfield></datafield><datafield ind1="1" ind2=" " tag="362"><subfield code="a">Began in 1866? Ceased in 1871?</subfield></datafield><datafield ind1=" " ind2=" " tag="588"><subfield code="a">Description based on: Vol. 2, no. 35 (July 31, 1868).</subfield></datafield><datafield ind1=" " ind2=" " tag="752"><subfield code="a">United States</subfield><subfield code="b">Missouri</subfield><subfield code="c">Cedar</subfield><subfield code="d">Stockton.</subfield></datafield><datafield ind1="0" ind2="0" tag="785"><subfield code="t">Stockton tribune (Stockton, Mo.)</subfield><subfield code="w">(DLC)sn 85034137</subfield></datafield></record>